@article{steering-methods,
  title        = "Automatic Steering Methods for Autonomous Automobile Path Tracking",
  publisher = "Robotics Institute Carnegie Mellon University",
  address = "Pittsburgh, Pennsylvania, USA",
  author       = "Snider, Jarrod M.",
  year         = {2009},
  url          = "https://www.ri.cmu.edu/pub_files/2009/2/Automatic_Steering_Methods_for_Autonomous_Automobile_Path_Tracking.pdf",
}

@article{stanley,
  title        = "Autonomous Automobile Trajectory Tracking for Off-Road Driving: Controller Design, Experimental Validation and Racing",
  publisher = "Stanford University",
  address = "Stanford, CA 94305, USA",
  author       = "M.Hoffmann, Gabriel and J.Tomlin, Claire and Montemerlo, Michael and Thrun, Sebastian",
  year         = {2009},
  url          = "https://www.ri.cmu.edu/pub_files/2009/2/Automatic_Steering_Methods_for_Autonomous_Automobile_Path_Tracking.pdf",
}

@article{hsv,
  title        = "HSV Color Spaces",
  publisher = "Microsoft",
  author       = "Kennedy, John and Jenks, Alma and White, Steven",
  year         = {2021},
  url          = "https://learn.microsoft.com/en-us/windows/win32/wcs/hsv-color-spaces",
}

@article{matlab-fisheye,
  title        = "Fisheye Calibration Basics",
  publisher = "MathWorks",
  author       = "MathWorks",
  url          = "https://www.mathworks.com/help/vision/ug/fisheye-calibration-basics.html",
}

@article{opencv,
  title        = "Camera Calibration",
  publisher = "OpenCV",
  author       = "OpenCV",
  url          = "https://docs.opencv.org/4.x/dc/dbb/tutorial_py_calibration.html",
}

@article{addison,
  title        = "How to Perform Camera Calibration Using OpenCV",
  author       = "Sears-Collins, Addison",
  year         = {2020},
  url          = "https://automaticaddison.com/how-to-perform-camera-calibration-using-opencv/",
}
@article{addison-pipeline,
  title        = "The Ultimate Guide to Real-Time Lane Detection Using OpenCV",
  author       = "Sears-Collins, Addison",
  year         = {2021},
  url          = "https://automaticaddison.com/the-ultimate-guide-to-real-time-lane-detection-using-opencv/",
}
